
@InProceedings{becker95:beowulf,
  author =       {Becker Donald .J., Sterling Thomas, et. al.},
  title =        {Beowulf: a Parallel Workstation for Scientific
                  Computation},
  booktitle =    {Proceedings, International Conference on Parallel
                  Processing, 95},
  year =         {1995}
}

@misc{ sterling-achieving,
  author =       "T. Sterling and D. Becker and D. Savarese and
                  M. Berry and C. Reschke",
  title =        "Achieving a Balanced Low-Cost Architecture for Mass
                  Storage Management through Multiple Fast Ethernet
                  Channels on the Beowulf Parallel Workstation",
  text =         "T. Sterling, D. Becker, D. Savarese, M. Berry,
                  C. Reschke Achieving a Balanced Low-Cost
                  Architecture for Mass Storage Management through
                  Multiple Fast Ethernet Channels on the Beowulf
                  Parallel Workstation, to appear in Proceedings of
                  IPPS 96",
  url =          "citeseer.nj.nec.com/1396.html"
}

@TechReport{nevin96:_perfor_lam,
  author =       {Nicholas J.\ Nevin},
  title =        {The Performance of {LAM} 6.0 and {MPICH} 1.0.12 on a
                  Workstati on Cluster},
  institution =  {Ohio Supercomputing Center},
  year =         1996,
  number =       {OSC-TR-1996-4},
  address =      {Columbus, Ohio}
}

@InProceedings{squyres00:_inter_messag_passin_inter_impi,
  author =       {Jeffrey M.\ Squyres and Andrew Lumsdaine and William
                  L.\ Georg e and John G.\ Hagedorn and Judith E.\
                  Devaney},
  title =        {The Interoperable Message Passing Interface ({IMPI})
                  Extension s to {LAM}/{MPI}},
  booktitle =    {Proceedings, MPIDC'2000},
  year =         2000,
  month =        {March}
}

@Article{Gropp:1996:HPI,
  author =       "W. Gropp and E. Lusk and N. Doss and A. Skjellum",
  title =        "A high-performance, portable implementation of the
                  {MPI} message passing interface standard",
  journal =      "Parallel Computing",
  volume =       "22",
  number =       "6",
  pages =        "789--828",
  month =        sep,
  year =         "1996"
}

@Manual{mpich-user,
  title =        {User's Guide for {\tt mpich}, a Portable
                  Implementation of {MPI}},
  author =       {William D. Gropp and Ewing Lusk},
  note =         "ANL-96/6",
  organization = {Mathematics and Computer Science Division, Argonne
                  National Laboratory},
  year =         1996
}

@Article{pvmvsmpi,
  author =       {Geist,G.A. and Kohl,J.A. and Papadopoulos,P.M.},
  title =        {{PVM} and {MPI}: A comparison of features},
  journal =      {Calculateurs Paralleles},
  year =         {1996},
  volume =       {8},
  number =       {2}
}

@Book{PVM:user-tutorial,
  author =       {Geist,A. and Beguelin,A. and
                  Dongarra,J. Jiang,W. and Mancheck,R. and
                  Sunderam,V.},
  title =        {PVM: Parallel Virtual Machine A {U}sers' {G}uide and
                  {T}utorial for {N}etworked {P}arallel {C}omputing},
  publisher =    {MIT Press},
  year =         {1994}
}

@Manual{UserGuide,
  title =        {Schr\"odinger I User Guide },
  author =       {Karin Seifert-Lorenz},
  organization = {init.at},
  year =         2001
}

@Manual{SwitchDoku,
  title =        {APC Switch Documentation },
  author =       {APC XXX},
  organization = {APC},
  year =         2001
}

% network -- low level

@TechReport{ethernetstd,
  author =       {IEEE},
  title =        {IEEE 802.3 Ethernet Standard},
  institution =  {IEEE}
}


@Manual{nessus_secur_scann,
  title = 	 {Nessus Security Scanner},
  url =          {http://www.nessus.org}
}


@TechReport{caida98,
  author = 	 { K. Claffy (kc@caida.org), Greg Miller and Kevin Thompson},
  email =        {gmiller,kthomp@mci.net},
  title = 	 {The nature of the beast: recent traffic measurements from an Internet backbone},
  institution =  {CAIDA},
  url =          { http://www.caida.org},
  year = 	 1998
}


% clusters 

@inproceedings{ fox97clusterbased,
  author =       "Armando Fox and Steven D. Gribble and Yatin Chawathe
                  and Eric A. Brewer and Paul Gauthier",
  title =        "Cluster-Based Scalable Network Services",
  booktitle =    "Symposium on Operating Systems Principles",
  pages =        "78-91",
  year =         "1997",
  url =          "http://citeseer.nj.nec.com/fox97clusterbased.html",
  file =         "fox97clusterbased.ps"
}

@inproceedings{ fagin01optimal,
  author =       "Ronald Fagin and Amnon Lotem and Moni Naor",
  title =        "Optimal Aggregation Algorithms for Middleware",
  booktitle =    "Symposium on Principles of Database Systems",
  year =         "2001",
  url =          "http://citeseer.nj.nec.com/fagin01optimal.html",
  file =         "fagin01optimal.pdf"
}

@misc{ rangarajan-software,
  author =       "Muralidharan Rangarajan And",
  title =        "Software Distributed Shared Memory over Virtual
                  Interface Architecture: Implementation and
                  Performance",
  url =          "http://citeseer.nj.nec.com/333396.html",
  file =         "rangarajan-software.ps"
}

% load balancing

@misc{ folliot96adaptative,
  author =       "B. Folliot and P. Raverdy",
  title =        "Adaptative partitioning and dynamic allocation for
                  large computing systems",
  text =         "Bertil Folliot and Pierre-Guillaume
                  Raverdy. Adaptative partitioning and dynamic
                  allocation for large computing systems. In PDPTA'96,
                  pp. 1268--1279, August 1996.",
  year =         "1996",
  url =          "http://citeseer.nj.nec.com/folliot96adaptative.html",
  file =         "folliot96adaptative.ps"
}

@misc{ jensen-finegrained,
  author =       "Christian Damsgaard Jensen",
  title =        "Fine-Grained Load Distribution in Object Based
                  Systems, An Experiment with Grain Sizes in Guide-2",
  url =          "http://citeseer.nj.nec.com/134480.html",
  file =         "jensen-finegrained.ps"
}

@article{ kumar94scalable,
  author =       "V. Kumar and A. Y. Grama and Nageshwara Rao Vempaty",
  title =        "Scalable Load Balancing Techniques for Parallel
                  Computers",
  journal =      "Journal of Parallel and Distributed Computing",
  volume =       "22",
  number =       "1",
  pages =        "60--79",
  year =         "1994",
  url =          "http://citeseer.nj.nec.com/kumar94scalable.html",
  file =         "kumar94scalable.ps"
}

@article{ decker00virtual,
  author =       "Thomas Decker",
  title =        "Virtual data space - load balancing for irregular
                  applications",
  journal =      "Parallel Computing",
  volume =       "26",
  number =       "13-14",
  pages =        "1825-1860",
  year =         "2000",
  url =          "http://citeseer.nj.nec.com/decker00virtual.html",
  file =         "decker00virtual.ps"
}


% dynamic load balancing

@article{ zaki97customized,
  author =       "Mohammed Javeed Zaki and Wei Li and Srinivasan
                  Parthasarathy",
  title =        "Customized Dynamic Load Balancing for a Network of
                  Workstations",
  journal =      "Journal of Parallel and Distributed Computing",
  volume =       "43",
  number =       "2",
  pages =        "156--162",
  year =         "1997",
  url =          "http://citeseer.nj.nec.com/zaki95customized.html",
  file =         "zaki97customized.ps"
}

@inproceedings{ li98dynamic,
  author =       "Xiang-Yang Li and Shang-Hua Teng",
  title =        "Dynamic Load Balancing for Parallel Adaptive Mesh
                  Refinement",
  booktitle =    "Workshop on Parallel Algorithms for Irregularly
                  Structured Problems",
  pages =        "144-155",
  year =         "1998",
  url =          "http://citeseer.nj.nec.com/article/li99dynamic.html",
  file =         "li98dynamic.ps",
  note =         "Provides an overview of graph partitioning theory
                  and algorithms (level-structure partitioning,
                  spectral partitioning, geometric approach,
                  multilevel algorithm). Application to mesh
                  computation."
}

@misc{ schloegel00graph,
  author =       "K. Schloegel and G. Karypis and V. Kumar",
  title =        "Graph Partitioning for High Performance Scientific
                  Simulations",
  text =         "K. Schloegel, G. Karypis, and V. Kumar. Graph
                  Partitioning for High Performance Scientific
                  Simulations. In J. Dongarra et al., editor, CRPC
                  Parallel Computing Handbook. Morgan Kaufmann,
                  2000. (in press).",
  year =         "2000",
  url =          "http://citeseer.nj.nec.com/schloegel00graph.html",
  file =         "schloegel00graph.pdf, schloegel00graph.ps"
}

@article{ schloegel97multilevel,
  author =       "Kirk Schloegel and George Karypis and Vipin Kumar",
  title =        "Multilevel Diffusion Schemes for Repartitioning of
                  Adaptive Meshes",
  journal =      "Journal of Parallel and Distributed Computing",
  volume =       "47",
  number =       "2",
  pages =        "109--124",
  year =         "1997",
  url =
                  "http://citeseer.nj.nec.com/schloegel97multilevel.html",
  file =         "schloegel97multilevel.pdf, schloegel97multilevel.ps"
}

@techreport{ schloegel98wavefront,
  author =       "Kirk Schloegel and George Karypis and Vipin Kumar",
  title =        "Wavefront Diffusion and {LMSR}: Algorithms for
                  Dynamic Repartitioning of Adaptive Meshes",
  number =       "TR 98-034",
  address =      "Cambridge, MA",
  year =         "1998",
  url =
                  "http://citeseer.nj.nec.com/schloegel98wavefront.html",
  file =         "schloegel98wavefront.pdf"
}

@inproceedings{ steensland00comparison,
  author =       "Johan Steensland and Stefan Soderberg and Michael
                  Thune",
  title =        "A Comparison of Partitioning Schemes for Blockwise
                  Parallel {SAMR} Algorithms",
  booktitle =    "{PARA}",
  pages =        "160-169",
  year =         "2000",
  url =
                  "http:/citeseer.nj.nec.com/steensland00comparison.html",
  file =         "steensland00comparison.ps"
}


% static load balancing

@misc{ loos-newmodel,
  author =       "Thomas Loos And",
  title =        "A New Model for the Data Distribution Problem",
  url =          "http://citeseer.nj.nec.com/464296.html",
  file =         "loos-newmodel.ps"
}

@incollection{ pothen95graph,
  author =       "Alex Pothen",
  title =        "Graph Partitioning Algorithms with Applications to
                  Scientific Computing",
  booktitle =    "Parallel Numerical Algorithms",
  publisher =    "Kluwer Academic Press",
  editor =       "D. E. Keyes and A. H. Sameh and V. Venkatakrishnan",
  year =         "1995",
  url =          "http://citeseer.nj.nec.com/pothen97graph.html",
  file =         "pothen95graph.ps"
}

@techreport{ hendrickson93multidimensional,
  author =       "Bruce Hendrickson and Robert Leland",
  title =        "Multidimensional Spectral Load Balancing",
  number =       "SAND93-0074",
  year =         "1993",
  url =
                  "http://citeseer.nj.nec.com/hendrickson93multidimensional.html",
  file =         "hendrickson93multidimensional.ps"
}

@article{ ashcraft97using,
  author =       "Cleve Ashcraft and Joseph W. H. Liu",
  title =        "Using domain decomposition to find graph bisectors",
  journal =      "BIT Numerical Mathematics",
  volume =       "37",
  number =       "3",
  pages =        "506--534",
  year =         "1997",
  url =          "http://citeseer.nj.nec.com/ashcraft95using.html",
  file =         "ashcraft97using.ps"
}


% graph partitioning

@techreport{ karypis95fast,
  author =       "George Karypis and Vipin Kumar",
  title =        "A Fast and High Quality Multilevel Scheme for
                  Partitioning Irregular Graphs",
  number =       "TR 95-035",
  year =         "1995",
  url =          "http://citeseer.nj.nec.com/karypis98fast.html",
  file =         "karypis95fast.ps"
}

@misc{ fjallstrom98algorithms,
  author =       "P. Fjallstrom",
  title =        "Algorithms for graph partitioning: A survey",
  text =         "Fjallstrom, P.-O. (1998). Algorithms for graph
                  partitioning: A survey. Linkoping Electronic
                  Atricles in Computer and Information Science, 3.",
  year =         "1998",
  url =          "http://citeseer.nj.nec.com/358582.html",
  file =         "fjallstrom98algorithms.ps"
}

@misc{ walshaw-dynamic,
  author =       "C. Walshaw and M. Cross",
  title =        "Dynamic mesh partitioning & load-balancing for
                  parallel computational mechanics codes",
  url =          "http://citeseer.nj.nec.com/walshaw99dynamic.html",
  file =         "walshaw-dynamic.ps"
}

@misc{ elsner-graph,
  author =       "Ulrich Elsner",
  title =        "Graph Partitioning - A Survey",
  url =          "http://citeseer.nj.nec.com/elsner97graph.html",
  file =         "elsner-graph.ps"
}

@article{ hendrickson00graph,
  author =       "Bruce Hendrickson and Tamara G. Kolda",
  title =        "Graph partitioning models for parallel computing",
  journal =      "Parallel Computing",
  volume =       "26",
  number =       "12",
  pages =        "1519-1534",
  year =         "2000",
  url =          "http://citeseer.nj.nec.com/hendrickson99graph.html",
  file =         "hendrickson00graph.ps"
}

@misc{ caldwell00improved,
  author =       "A. Caldwell and A. Kahng and I. Markov",
  title =        "Improved Algorithms for Hypergraph Bipartitioning",
  text =         "A. E. Caldwell, A. B. Kahng and I. L. Markov,
                  Improved Algorithms for Hypergraph Bipartitioning,
                  Proc. Asia and South Pacific Design Automation
                  Conf., Jan. 2000, pp. 661-666, available at
                  http://vlsicad.cs.ucla.edu/GSRC/bookshelf",
  year =         "2000",
  url =          "http://citeseer.nj.nec.com/caldwell00improved.html",
  file =         "caldwell00improved.ps"
}

@inproceedings{ karypis99multilevel,
  author =       "George Karypis and Vipin Kumar",
  title =        "Multilevel k -way Hypergraph Partitioning",
  booktitle =    "Design Automation Conference",
  pages =        "343-348",
  year =         "1999",
  url =
                  "http://citeseer.nj.nec.com/article/karypis98multilevel.html"
}

@misc{ in-multilevel,
  author =       "Ed In",
  title =        "Multilevel k-wayPartitioning Scheme for. . .",
  url =          "http://citeseer.nj.nec.com/karpys98multilevel.html"
}

@article{ walshaw97parallel,
  author =       "C. Walshaw and M. Cross and M. G. Everett",
  title =        "Parallel Dynamic Graph Partitioning for Adaptive
                  Unstructured Meshes",
  journal =      "Journal of Parallel and Distributed Computing",
  volume =       "47",
  number =       "2",
  pages =        "102--108",
  year =         "1997",
  url =          "http://citeseer.nj.nec.com/walshaw97parallel.html",
  file =         "walshaw97parallel.ps"
}

@techreport{ walshaw98parallel,
  author =       "C. Walshaw and M. Cross and M. G. Everett",
  title =        "Parallel dynamic graph partitioning for unstructured
                  meshes",
  number =       "97/IM/20",
  year =         "1998",
  url =          "http://citeseer.nj.nec.com/walshaw98parallel.html",
  file =         "walshaw98parallel.ps"
}


% nearest neighbor algorithms

@article{ xu97nearest,
  author =       "C.-Z. Xu and Burkhard Monien and Reinhard L{\"u}ling
                  and F. C. M. Lau",
  title =        "Nearest Neighbor Algorithms for Load Balancing in
                  Parallel Computers",
  journal =      "Concurrency: Practice and Experience",
  volume =       "9",
  number =       "12",
  pages =        "1351--1376",
  year =         "1997",
  url =          "http://citeseer.nj.nec.com/xu95nearest.html",
  file =         "xu97nearest.ps"
}


% diffusion

@article{ xu94optimal,
  author =       "Cheng-Zhong Xu and Francis C. M. Lau",
  title =        "Optimal parameters for load balancing with the
                  diffusion method in mesh networks",
  journal =      "Parallel Processing Letters",
  volume =       "4",
  number =       "1-2",
  pages =        "139--147",
  year =         "1994",
  url =          "http://citeseer.nj.nec.com/xu94optimal.html ",
  file =         "xu94optimal.ps"
}


% dimension exchange

@misc{ ju-wook-efficient,
  author =       "Hwakyung Rim Ju-Wook",
  title =        "An Efficient Dynamic Load Balancing using the
                  Dimension Exchange Method for Balancing of Quantized
                  Loads on Hypercube Multiprocessors",
  url =          "http://citeseer.nj.nec.com/481687.html",
  file =         "ju-wook-efficient.ps"
}


% transactions

@inproceedings{ biliris94asset,
  author =       "Alexandros Biliris and Shaul Dar and Narain
                  H. Gehani and H. V. Jagadish and Krithi Ramamritham",
  title =        "{ASSET}: {A} System for Supporting Extended
                  Transactions",
  booktitle =    "Proceedings of the 1994 {ACM} {SIGMOD} International
                  Conference on Management of Data",
  month =        "24--27~",
  address =      "Minneapolis, Minnesota",
  editor =       "Richard T. Snodgrass and Marianne Winslett",
  pages =        "44--54",
  year =         1994,
  url =          "citeseer.nj.nec.com/article/biliris94asset.html",
  file =         "biliris94asset.ps",
  note =         "cbs: This paper describes a set of transaction
                  primitives that can be used to implement extended
                  transaction models, such as nested or split
                  transactions. It also describes the necessary data
                  structures and algorithms to implement those
                  primitives.",
}

@article{ rinard97commutativity,
  author =       "Martin C. Rinard and Pedro C. Diniz",
  title =        "Commutativity Analysis: {A} New Analysis Technique
                  for Parallelizing Compilers",
  journal =      "ACM Transactions on Programming Languages and
                  Systems",
  volume =       19,
  number =       6,
  month =        "November",
  publisher =    "ACM Press",
  pages =        "942--991",
  year =         1997,
  url =          "citeseer.nj.nec.com/rinard97commutativity.html",
  file =         "rinard97commutativity.ps",
}

% Reflection, Metaprogramming and C++ in general

@inproceedings{ raverdy98dart,
  author =       "Pierre-Guillaume Raverdy, Robert Le Van Gong, Rodger Lea",
  title =        "{DART}: A Reflective Middleware for Adaptive Applications",
  booktitle =    "Proceedings of OOPSLA'98 Workshop on Reflective Programming in C++ and Java",
  month =        "October",
  address =      "Vancouver, Canada",
  editor =       "Jean-Charles Fabre, Shigeru Chiba",
  pages =        "",
  year =         1998,
  file =         "oopsla98/raverdy.pdf",
}

@inproceedings{ amano98lead,
  author =       "Noriki Amano and Takuo Watanabe",
  title =        "{LEAD++}: An Object-Oriented Reflective Language for Dynamically Adaptable Software",
  booktitle =    "Proceedings of OOPSLA'98 Workshop on Reflective Programming in C++ and Java",
  month =        "October",
  address =      "Vancouver, Canada",
  editor =       "Jean-Charles Fabre, Shigeru Chiba",
  pages =        "",
  year =         1998,
  file =         "oopsla98/amano.pdf",
}

@inproceedings{ sugita98specialization,
  author =       "Yuuya Sugita, Hidehiko Masuhara, Ken'ichi Harada and Akinori Yonezawa",
  title =        "On-the-fly Specialization of Reflective Programs Using Dynamic Code Generation Techniques",
  booktitle =    "Proceedings of OOPSLA'98 Workshop on Reflective Programming in C++ and Java",
  month =        "October",
  address =      "Vancouver, Canada",
  editor =       "Jean-Charles Fabre, Shigeru Chiba",
  pages =        "",
  year =         1998,
  file =         "oopsla98/sugita.pdf",
}

@inproceedings{ jpr98simplify,
  author =       "Joel Cavarroc, Sabine Moisan, Jean-Paul Rigault",
  title =        "Simplifying an Extensible Class Library Interface with Open C++",
  booktitle =    "Proceedings of OOPSLA'98 Workshop on Reflective Programming in C++ and Java",
  month =        "October",
  address =      "Vancouver, Canada",
  editor =       "Jean-Charles Fabre, Shigeru Chiba",
  pages =        "",
  year =         1998,
  file =         "oopsla98/jpr.pdf",
}

@inproceedings{ chiba98pattern,
  author =       "Michiaki Tatsubori and Shigeru Chiba",
  title =        "Programming Support of Design Patterns with Compile-time Reflection",
  booktitle =    "Proceedings of OOPSLA'98 Workshop on Reflective Programming in C++ and Java",
  month =        "October",
  address =      "Vancouver, Canada",
  editor =       "Jean-Charles Fabre, Shigeru Chiba",
  pages =        "",
  year =         1998,
  file =         "oopsla98/mich.pdf",
}

@inproceedings{ berger98evaluation,
  author =       "Laurent Berger",
  title =        "Compile Time and Runtime Reflection for Dynamic Evaluation of
Messages: Application to Interactions between Remote Objects",
  booktitle =    "Proceedings of OOPSLA'98 Workshop on Reflective Programming in C++ and Java",
  month =        "October",
  address =      "Vancouver, Canada",
  editor =       "Jean-Charles Fabre, Shigeru Chiba",
  pages =        "",
  year =         1998,
  file =         "oopsla98/mich.pdf",
}



@TechReport{chiba97efficient,
  author = 	 {Shigeru Chiba},
  title = 	 {Implementation Techniques for Efficient Reflective Languages},
  institution =  {Department of Information Science, University of Tokyo},
  year = 	 {1997},
  OPTkey = 	 {TR-97-06},
  OPTtype = 	 {},
  OPTnumber = 	 {},
  OPTaddress = 	 {},
  OPTmonth = 	 {},
  OPTnote = 	 {},
  OPTannote = 	 {}
}

@inproceedings{ sohda99ompc++,
  author =       "Y.Sohda, H.Ogawa, S.Matsuoka",
  title =        "OMPC++ - A Portable High-Performance Implementation of DSM using OpenC++ Reflection",
  booktitle =    "Proceedings of Reflection'99",
  month =        "July",
  address =      "",
  editor =       "Pierre Cointe",
  pages =        "pp. 215-234",
  year =         1999,
  file =         "OMPC++Reflection99.ps",
}

@misc{ fsfgcc,
  author =       "Free Software Foundation",
  title =        "The Gnu Compiler Collection, http://gcc.gnu.org",
  url = "http://gcc.gnu.org"
}

@misc{chibaopencxx,
  author =       "Shigeru Chiba",
  title =        "OpenC++ Home Page, http://www.csg.is.titech.ac.jp/~chiba/openc++.html",
  url = "http://www.csg.is.titech.ac.jp/~chiba/openc++.html"
}

@Book{ansi98c++standard,
  author =       {Joint Technical Committee ISO/IEC JTC1},
  title =        {ISO/IEC14882, Programming Languages - C++},
  publisher =    {American National Standards Institute},
  year =         {1998}
}

@inproceedings{ haraszti99iguana,
  author =       "Peter Haraszti, Tilman Schafer, Vinny Cahill",
  title =        "The Iguana Experience: Meta-Level Programming in a Compiled Reflective Language",
  booktitle =    "Proceedings of Reflection'99",
  month =        "July",
  address =      "",
  editor =       "Pierre Cointe",
  pages =        "pp. 215-234",
  year =         1999,
  file =         "haraszti.pdf",
}



@Book{pow91,
  author =	 {S.~Powell},
  title = 	 {Delta-4: A Generic Architecture for Dependable Distributed Computing},
  publisher = 	 {Springer-Verlag},
  year = 	 1991,
  series =	 {Research Reports ESPRIT (Vol.~1)}
}

@Article{ss83,
  author = 	 {R.D.~Schlichting and F.B.~Schneider},
  title = 	 {Fail-Stop Processors: An Approach to Designing Fault-Tolerant Computing Systems},
  journal = 	 {ACM Transactions on Computing Systems},
  year = 	 1983,
  volume =	 1,
  number =	 3,
  pages =	 {222--238}
}

@Book{bhg87,
  author =	 {P.~A.~Bernstein and V.~Hadzilacos and N.~Goodman},
  title = 	 {Concurrency Control and Recovery in Database-Systems},
  publisher = 	 {Addison-Wesley},
  year = 	 1987
}

@Book{wolfspack,
  author =	 {Costner},
  editor =	 {XXX},
  title = 	 {In the search of clusters},
  publisher = 	 {XXX},
  year = 	 {??}
}

@PhdThesis{adya99,
  author = 	 {Atul Adya},
  title = 	 {Weak Consistency: A Generalized Theory and Optimistic Implementation for Distributed Transactions},
  school = 	 {MIT},
  year = 	 1999
}

@Article{hr83,
  author = 	 {T.~H\"arder and A.~Reuter},
  title = 	 {Principles of Transaction-Oriented Database Recovery},
  journal = 	 {Computing Surveys},
  year = 	 1983,
  volume =	 15,
  number =	 4,
  annote =       {Intro of ACID}
}

@Book{lmwf94,
  author =	 {Nancy Lynch and Michael Merritt and William Weihl and Alan Fekete},
  title = 	 {Atomic Transactions},
  publisher = 	 {Morgan Kaufmann},
  year = 	 1994
}

@Book{booch91,
  author =	 {Grady Booch},
  title = 	 {Object-Oriented Design with Applications},
  publisher = 	 {Addison-Wesley},
  year = 	 1991
}

@Manual{RFC1459,
  author =	 {J.~Oikarinen and D.~Reed},
  title =	 {RFC1459: Internet Relay Chat Protocol},
  organization = {Network Working Group},
  month =	 {May},
  year =	 1993
}

@Manual{RFC2810,
  author =	 {C.~Kalt},
  title =	 {RFC2810: Internet Relay Chat Protocol: Architecture},
  organization = {Network Working Group},
  month =	 {April},
  year =	 2000
}

@Manual{RFC2811,
  author =	 {C.~Kalt},
  title =	 {RFC2811: Internet Relay Chat Protocol: Channel Management},
  organization = {Network Working Group},
  month =	 {April},
  year =	 2000
}

@Manual{RFC2812,
  author =	 {C.~Kalt},
  title =	 {RFC2812: Internet Relay Chat Protocol: Client Protocol},
  organization = {Network Working Group},
  month =	 {April},
  year =	 2000
}

@Manual{RFC2813,
  author =	 {C.~Kalt},
  title =	 {RFC2813: Internet Relay Chat Protocol: Server Protocol},
  organization = {Network Working Group},
  month =	 {April},
  year =	 2000
}


@Book{kopetz97,
  author =	 {Hermann Kopetz},
  title = 	 {Real-Time Systems},
  publisher = 	 {Kluwer Academic Publishers},
  year = 	 1997
}

@Book{schmidt00,
  author =	 {Douglas Schmidt},
  title = 	 {Pattern-Oriented Software Architecure, Volume 2, Patterns for Concurrent and Networked Objects},
  publisher = 	 {Wiley \& Sons},
  year = 	 2000
}

@Book{bmmm98,
  author =	 {William J.~Brown and Raphael C.~Malveau and Hays W.~McCormick and Thomas J.~Mowbray},
  title = 	 {Anti Patterns},
  publisher = 	 {Wiley \& Sons},
  year = 	 1998
}

@Book{black91,
  author =	 {U.~Black},
  title = 	 {OSI: A Model for Computer Communication Standards},
  publisher = 	 {Prentice-Hall},
  year = 	 1991
}



@Book{agh00,
  author =	 {Ken Arnold and James Gosling and David Holmes},
  title = 	 {The Java Programming Language},
  publisher = 	 {Addison-Wesley},
  year = 	 2000
}

@InBook{ss01,
  author =	 {Richard E.~Schantz and Douglas C.Schmidt},
  title = 	 {Encyclopedia of Software Engineering},
  chapter = 	 {Middleware for Distributed Systems: Evolving the Common Structure for Network-Centric Applications},
  publisher = 	 {Wiley \& Sons},
  year = 	 2001
}



@Book{ghjv95,
  author =	 {Erich Gamma and Richard Helm and Ralph Johnson and John Vlissides},
  title = 	 {Design Patterns},
  publisher = 	 {Addison-Wesley},
  year = 	 1995
}

@Book{sh02,
  author =	 {Douglas C.~Schmidt and Stephen D.~Huston},
  title = 	 {C++ Network Programming},
  publisher = 	 {Addison-Wesley},
  year = 	 2002,
  series =	 {C++ In-Depth Series}
}

@Book{sh02a,
  author =	 {Douglas C.~Schmidt and Stephen D.~Huston},
  title = 	 {C++ Network Programming, Volume 1: Mastering Complexity with ACE and Patterns},
  publisher = 	 {Addison-Wesley},
  year = 	 2002,
  series =	 {C++ In-Depth Series}
}

@Book{sh02b,
  author =	 {Douglas C.~Schmidt and Stephen D.~Huston},
  title = 	 {C++ Network Programming, Volume 2: Systematic Reuse with ACE and Frameworks},
  publisher = 	 {Addison-Wesley},
  year = 	 2002,
  series =	 {C++ In-Depth Series}
}

@Book{box97,
  author =	 {Donald Box},
  title = 	 {Essential COM},
  publisher = 	 {Addison-Wesley},
  year = 	 1997
}



@Manual{sun98,
  title = 	 {Java Remote Method Invocation Specification (RMI)},
  organization = {Sun Microsystems},
  year = 	 1998
}

@Manual{omg01,
  title = 	 {The Common Object Request Broker: Architecture and Specification},
  organization = {Object Management Group},
  edition =	 {2.5},
  year =	 2001
}

